@book{harville97,
   Author = {David A. Harville},
   Title = {Matrix Algebra From a Statistician's Perspective},
   Publisher = {Springer},
   Year = {1997}
}

@book{papoulis02,
	Author = {Athanasios Papoulis anb S. Unnikrishna Pillai},
	Title = {Probability, Random Variables and Stochastic Processes},
	Publisher = {McGraw - Hill},
	Year = {2002}
}

@book{Gradshteyn80,
	Author = {I.s. Gradshteyn and I. M. Ryzhik},
	Title = {Table of Integrals, Series and Products}, 
	Publisher = {Academic Press},
	Year = {1980}
}

@book{Abramowitz70,
	Author = {Milton Abramowitz and Irene Stegun},
	Title = {Handbook of Mathematical Functions},
	Publisher = {Dover},
	Year = {1970},
}
